
@article{gelman2019,
	title = {R-squared for Bayesian Regression Models},
	author = {Gelman, Andrew and Goodrich, Ben and Gabry, Jonah and Vehtari, Aki},
	year = {2019},
	month = {05},
	date = {2019-05-13},
	journal = {The American Statistician},
	pages = {307--309},
	volume = {73},
	number = {3},
	doi = {10.1080/00031305.2018.1549100},
	url = {http://dx.doi.org/10.1080/00031305.2018.1549100},
	langid = {en}
}

@article{vehtari2016,
	title = {Practical Bayesian model evaluation using leave-one-out cross-validation and WAIC},
	author = {Vehtari, Aki and Gelman, Andrew and Gabry, Jonah},
	year = {2016},
	month = {08},
	date = {2016-08-30},
	journal = {Statistics and Computing},
	pages = {1413--1432},
	volume = {27},
	number = {5},
	doi = {10.1007/s11222-016-9696-4},
	url = {http://dx.doi.org/10.1007/s11222-016-9696-4},
	langid = {en}
}

@article{vehtari2016a,
	title = {Practical Bayesian model evaluation using leave-one-out cross-validation and WAIC},
	author = {Vehtari, Aki and Gelman, Andrew and Gabry, Jonah},
	year = {2016},
	month = {08},
	date = {2016-08-30},
	journal = {Statistics and Computing},
	pages = {1413--1432},
	volume = {27},
	number = {5},
	doi = {10.1007/s11222-016-9696-4},
	url = {http://dx.doi.org/10.1007/s11222-016-9696-4},
	langid = {en}
}
