
@article{vanhove2021,
	title = {Collinearity isn't a disease that needs curing},
	author = {Vanhove, Jan},
	year = {2021},
	month = {04},
	date = {2021-04-12},
	journal = {Meta-Psychology},
	volume = {5},
	doi = {10.15626/MP.2021.2548},
	url = {https://open.lnu.se/index.php/metapsychology/article/view/2548},
	langid = {en}
}
